<record><leader>00000cas a22000007a 4500</leader><controlfield tag="001">9432725</controlfield><controlfield tag="008">830421d182u1831mduwr ne      0    0eng  </controlfield><datafield ind1=" " ind2=" " tag="010"><subfield code="a">sn 83016120 </subfield></datafield><datafield ind1=" " ind2=" " tag="040"><subfield code="a">DLC</subfield><subfield code="b">eng</subfield><subfield code="c">DLC</subfield><subfield code="d">NPX</subfield><subfield code="d">MFN</subfield><subfield code="d">DLC</subfield><subfield code="d">OCLCQ</subfield></datafield><datafield ind1=" " ind2=" " tag="042"><subfield code="a">msc</subfield></datafield><datafield ind1="0" ind2="0" tag="050"><subfield code="a">Newspaper</subfield></datafield><datafield ind1="0" ind2="0" tag="245"><subfield code="a">Times &amp; public advertiser.</subfield></datafield><datafield ind1="1" ind2="3" tag="246"><subfield code="a">Times and public advertiser</subfield></datafield><datafield ind1="1" ind2="3" tag="246"><subfield code="a">Times &amp; publick advertiser</subfield></datafield><datafield ind1=" " ind2=" " tag="260"><subfield code="a">Centreville, Md. :</subfield><subfield code="b">J.B. Spencer</subfield></datafield><datafield ind1=" " ind2=" " tag="300"><subfield code="a">v.</subfield></datafield><datafield ind1=" " ind2=" " tag="310"><subfield code="a">Weekly</subfield></datafield><datafield ind1="0" ind2=" " tag="362"><subfield code="a">-Apr. 9, 1831.</subfield></datafield><datafield ind1=" " ind2=" " tag="500"><subfield code="a">Sometimes published as: Times &amp; publick advertiser.</subfield></datafield><datafield ind1=" " ind2=" " tag="588"><subfield code="a">Description based on: Feb. 7, 1829.</subfield></datafield><datafield ind1=" " ind2=" " tag="752"><subfield code="a">United States</subfield><subfield code="b">Maryland</subfield><subfield code="c">Queen Anne's</subfield><subfield code="d">Centreville.</subfield></datafield><datafield ind1="0" ind2="0" tag="780"><subfield code="t">Centreville evening times and eastern shore publick advertiser</subfield><subfield code="w">(DLC)sn 83016119</subfield></datafield><datafield ind1="0" ind2="0" tag="785"><subfield code="t">Centreville times and eastern-shore public advertiser</subfield><subfield code="w">(DLC)sn 83016122</subfield></datafield><datafield ind1="1" ind2=" " tag="029"><subfield code="a">AU@</subfield><subfield code="b">000026220241</subfield></datafield></record>